@Book{xie2015,
  title = {Dynamic Documents with {R} and knitr},
  author = {Yihui Xie},
  publisher = {Chapman and Hall/CRC},
  address = {Boca Raton, Florida},
  year = {2015},
  edition = {2nd},
  note = {ISBN 978-1498716963},
  url = {http://yihui.org/knitr/},
}

@article{viechtbauer2010,
	title = {Conducting Meta-Analyses in R with the metafor Package},
	author = {Viechtbauer, Wolfgang},
	year = {2010},
	date = {2010},
	journal = {Journal of Statistical Software},
	volume = {36},
	number = {3},
	doi = {10.18637/jss.v036.i03},
	url = {http://www.jstatsoft.org/v36/i03/},
	langid = {en}
}

@book{harrer2022,
	title = {Doing meta-analysis with R: A hands-on guide},
	author = {Harrer, Mathias},
	year = {2022},
	date = {2022},
	publisher = {CRC Press},
	edition = {First edition},
	address = {Boca Raton}
}

@book{vanlissa,
	title = {Doing Meta-Analysis in R and exploring heterogeneity using metaforest},
	author = {van Lissa, Caspar},
	url = {https://cjvanlissa.github.io/Doing-Meta-Analysis-in-R/index.html}
}

@book{harrer2021,
	title = {Doing Meta-Analysis With R: A Hands-On Guide},
	author = {Harrer, Mathias and Cuijpers, Pim and Furukawa, Toshi A and Ebert, David D},
	year = {2021},
	date = {2021},
	publisher = {Chapman & Hall/CRC Press},
	edition = {1st},
	url = {https://www.routledge.com/Doing-Meta-Analysis-with-R-A-Hands-On-Guide/Harrer-Cuijpers-Furukawa-Ebert/p/book/9780367610074},
	address = {Boca Raton, FL and London}
}
