
@article{viechtbauer2010,
	title = {Conducting Meta-Analyses in R with the metafor Package},
	author = {Viechtbauer, Wolfgang},
	year = {2010},
	date = {2010},
	journal = {Journal of Statistical Software},
	volume = {36},
	number = {3},
	doi = {10.18637/jss.v036.i03},
	url = {http://www.jstatsoft.org/v36/i03/},
	langid = {en}
}

@book{harrer2022,
	title = {Doing meta-analysis with R: A hands-on guide},
	author = {Harrer, Mathias},
	year = {2022},
	date = {2022},
	publisher = {CRC Press},
	edition = {First edition},
	address = {Boca Raton}
}

@article{borenstein2010,
	title = {A basic introduction to fixed-effect and random-effects models for meta-analysis},
	author = {Borenstein, Michael and Hedges, Larry V. and Higgins, Julian P.T. and Rothstein, Hannah R.},
	year = {2010},
	month = {04},
	date = {2010-04},
	journal = {Research Synthesis Methods},
	pages = {97--111},
	volume = {1},
	number = {2},
	doi = {10.1002/jrsm.12},
	url = {https://onlinelibrary.wiley.com/doi/10.1002/jrsm.12},
	langid = {en}
}

@article{schroeder2018,
	title = {Spatial Contiguity and Spatial Split-Attention Effects in Multimedia Learning Environments: a Meta-Analysis},
	author = {Schroeder, Noah L. and Cenkci, Ada T.},
	year = {2018},
	month = {09},
	date = {2018-09},
	journal = {Educational Psychology Review},
	pages = {679--701},
	volume = {30},
	number = {3},
	doi = {10.1007/s10648-018-9435-9},
	url = {http://link.springer.com/10.1007/s10648-018-9435-9},
	langid = {en}
}

@article{viechtbauer2010a,
	title = {Outlier and influence diagnostics for meta-analysis},
	author = {Viechtbauer, Wolfgang and Cheung, Mike W.-L.},
	year = {2010},
	month = {04},
	date = {2010-04},
	journal = {Research Synthesis Methods},
	pages = {112--125},
	volume = {1},
	number = {2},
	doi = {10.1002/jrsm.11},
	url = {https://onlinelibrary.wiley.com/doi/10.1002/jrsm.11},
	langid = {en}
}

@article{viechtbauer2010b,
	title = {Outlier and influence diagnostics for meta-analysis},
	author = {Viechtbauer, Wolfgang and Cheung, Mike W.-L.},
	year = {2010},
	month = {04},
	date = {2010-04},
	journal = {Research Synthesis Methods},
	pages = {112--125},
	volume = {1},
	number = {2},
	doi = {10.1002/jrsm.11},
	url = {https://onlinelibrary.wiley.com/doi/10.1002/jrsm.11},
	langid = {en}
}

@article{schroeder2023,
	title = {A meta-analysis on learning from 360° video},
	author = {Schroeder, Noah L. and Siegle, Robert F. and Craig, Scotty D.},
	year = {2023},
	month = {12},
	date = {2023-12},
	journal = {Computers & Education},
	pages = {104901},
	volume = {206},
	doi = {10.1016/j.compedu.2023.104901},
	url = {https://linkinghub.elsevier.com/retrieve/pii/S0360131523001781},
	langid = {en}
}

@misc{viechtbauer,
	title = {Meta-Analysis via Multivariate/Multilevel Linear (Mixed-Effects) Models {\textemdash} rma.mv},
	author = {Viechtbauer, Wolfgang},
	url = {https://wviechtb.github.io/metafor/reference/rma.mv.html},
	langid = {en}
}

@book{vanlissa,
	title = {Doing Meta-Analysis in R and exploring heterogeneity using metaforest},
	author = {van Lissa, Caspar},
	url = {https://cjvanlissa.github.io/Doing-Meta-Analysis-in-R/index.html}
}

@misc{viechtbauera,
	title = {Model Diagnostics for 'rma.uni' Objects {\textemdash} influence.rma.uni},
	author = {Viechtbauer, Wolfgang},
	url = {https://wviechtb.github.io/metafor/reference/influence.rma.uni.html},
	langid = {en}
}

@article{rodgers2021,
	title = {Evaluating meta-analytic methods to detect selective reporting in the presence of dependent effect sizes.},
	author = {Rodgers, Melissa A. and Pustejovsky, James E.},
	year = {2021},
	month = {04},
	date = {2021-04},
	journal = {Psychological Methods},
	pages = {141--160},
	volume = {26},
	number = {2},
	doi = {10.1037/met0000300},
	url = {http://doi.apa.org/getdoi.cfm?doi=10.1037/met0000300},
	langid = {en}
}

@article{fernández-castilla2020,
	title = {Visual representations of meta-analyses of multiple outcomes: Extensions to forest plots, funnel plots, and caterpillar plots},
	author = {{Fernández-Castilla}, {Belén} and Declercq, Lies and Jamshidi, Laleh and Beretvas, Susan Natasha and Onghena, Patrick and Van Den Noortgate, Wim},
	year = {2020},
	month = {12},
	date = {2020-12-22},
	journal = {Methodology},
	pages = {299--315},
	volume = {16},
	number = {4},
	doi = {10.5964/meth.4013},
	url = {https://meth.psychopen.eu/index.php/meth/article/view/4013}
}

@article{viechtbauer2010,
	title = {Conducting Meta-Analyses in R with the metafor Package},
	author = {Viechtbauer, Wolfgang},
	year = {2010},
	date = {2010},
	journal = {Journal of Statistical Software},
	volume = {36},
	number = {3},
	doi = {10.18637/jss.v036.i03},
	url = {http://www.jstatsoft.org/v36/i03/},
	langid = {en}
}

@article{schroeder2022,
	title = {Refutation Text Facilitates Learning: a Meta-Analysis of Between-Subjects Experiments},
	author = {Schroeder, Noah L. and Kucera, Aurelia C.},
	year = {2022},
	month = {06},
	date = {2022-06},
	journal = {Educational Psychology Review},
	pages = {957--987},
	volume = {34},
	number = {2},
	doi = {10.1007/s10648-021-09656-z},
	url = {https://link.springer.com/10.1007/s10648-021-09656-z},
	langid = {en}
}

@article{campos2023,
	title = {Screening Smarter, Not Harder: A Comparative Analysis of Machine Learning Screening Algorithms and Heuristic Stopping Criteria for Systematic Reviews in Educational Research},
	author = {Campos, Diego G and {Fütterer}, Tim and {Gfrörer}, Thomas and Lavelle-Hill, Rosa Ellen and Murayama, Kou and {König}, Lars and Hecht, Martin and Zitzmann, Steffen and Scherer, Ronny},
	year = {2023},
	date = {2023},
	url = {https://osf.io/preprints/psyarxiv/fpwc2/download},
	note = {Publisher: PsyArXiv}
}

@article{grant2009,
	title = {A typology of reviews: an analysis of 14 review types and associated methodologies},
	author = {Grant, Maria J and Booth, Andrew},
	year = {2009},
	date = {2009},
	journal = {Health information & libraries journal},
	pages = {91--108},
	volume = {26},
	number = {2},
	note = {Publisher: Wiley Online Library}
}

@article{tricco2018,
	title = {PRISMA extension for scoping reviews (PRISMA-ScR): Checklist and explanation},
	author = {Tricco, Andrea C. and Lillie, Erin and Zarin, Wasifa and {O'Brien}, Kelly K. and Colquhoun, Heather and Levac, Danielle and Moher, David and Peters, Micah D.J. and Horsley, Tanya and Weeks, Laura and Hempel, Susanne and Akl, Elie A. and Chang, Christine and McGowan, Jessie and Stewart, Lesley and Hartling, Lisa and Aldcroft, Adrian and Wilson, Michael G. and Garritty, Chantelle and Lewin, Simon and Godfrey, Christina M. and Macdonald, Marilyn T. and Langlois, Etienne V. and Soares-Weiser, Karla and Moriarty, Jo and Clifford, Tammy and {Tunçalp}, {Özge} and Straus, Sharon E.},
	year = {2018},
	month = {10},
	date = {2018-10-02},
	journal = {Annals of Internal Medicine},
	pages = {467--473},
	volume = {169},
	number = {7},
	doi = {10.7326/M18-0850},
	url = {https://www.acpjournals.org/doi/10.7326/M18-0850},
	langid = {en}
}

@article{page2021,
	title = {The PRISMA 2020 statement: an updated guideline for reporting systematic reviews},
	author = {Page, Matthew J and McKenzie, Joanne E and Bossuyt, Patrick M and Boutron, Isabelle and Hoffmann, Tammy C and Mulrow, Cynthia D and Shamseer, Larissa and Tetzlaff, Jennifer M and Akl, Elie A and Brennan, Sue E and Chou, Roger and Glanville, Julie and Grimshaw, Jeremy M and {Hróbjartsson}, {Asbjørn} and Lalu, Manoj M and Li, Tianjing and Loder, Elizabeth W and Mayo-Wilson, Evan and McDonald, Steve and McGuinness, Luke A and Stewart, Lesley A and Thomas, James and Tricco, Andrea C and Welch, Vivian A and Whiting, Penny and Moher, David},
	year = {2021},
	month = {03},
	date = {2021-03-29},
	journal = {BMJ},
	pages = {n71},
	doi = {10.1136/bmj.n71},
	url = {https://www.bmj.com/lookup/doi/10.1136/bmj.n71},
	langid = {en}
}

@article{aromataris2015,
	title = {Summarizing systematic reviews: methodological development, conduct and reporting of an umbrella review approach},
	author = {Aromataris, Edoardo and Fernandez, Ritin and Godfrey, Christina M and Holly, Cheryl and Khalil, Hanan and Tungpunkom, Patraporn},
	year = {2015},
	date = {2015},
	journal = {JBI Evidence Implementation},
	pages = {132--140},
	volume = {13},
	number = {3},
	note = {Publisher: LWW}
}

@article{viechtbauer2010,
	title = {Conducting Meta-Analyses in R with the metafor Package},
	author = {Viechtbauer, Wolfgang},
	year = {2010},
	date = {2010},
	journal = {Journal of Statistical Software},
	volume = {36},
	number = {3},
	doi = {10.18637/jss.v036.i03},
	url = {http://www.jstatsoft.org/v36/i03/},
	langid = {en}
}

@book{harrer2021,
	title = {Doing Meta-Analysis With R: A Hands-On Guide},
	author = {Harrer, Mathias and Cuijpers, Pim and Furukawa, Toshi A and Ebert, David D},
	year = {2021},
	date = {2021},
	publisher = {Chapman & Hall/CRC Press},
	edition = {1st},
	url = {https://www.routledge.com/Doing-Meta-Analysis-with-R-A-Hands-On-Guide/Harrer-Cuijpers-Furukawa-Ebert/p/book/9780367610074},
	address = {Boca Raton, FL and London}
}
